@BOOK{Vasylenko92,
author = "Василенко, М. В.",
title = "Теорiя коливань: Навчальний посiбник",
address = "К.",
publisher = "Вища школа",
year = 1992,
numpages = 430,
language = "ukrainian"
}

@BOOK{Afanasyev92,
author = "Афанасьев, В. В. and Василевский, О. Н.",
title = "Расчеты электрических цепей
на программируемых микрокалькуляторах",
address = "М.",
publisher = "Энергоиздат",
year = 1992,
numpages = 190,
language = "russian"
}

@BOOK{Makilov91,
author = "Меликов, А. З. and Пономаренко, Л. А.
and Рюмшин, П. А.",
title = "Математические модели многопотоковых
систем обслуживания",
address = "К.",
publisher = "Технiка",
year = 1991,
numpages = 265,
language = "russian"
}

@BOOK{Ponomarenko86,
title = "Основы создания гибких атоматизированных производств",
author = "Л. А. Пономаренко and Л. В. Адамович
and В. Т. Музычук and А. Е. Гридасов",
editor = "Б. Б. Тимофеева",
address = "К.",
publisher = "Технiка",
year = 1986,
numpages = 144,
language = "russian"
}

@BOOK{Belousova81,
title = "Системный анализ инфраструктуры
как элемент народного хозяйства",
author = "Белоусова, Н. И. and Вишняк, Е. И.
and Левит, В. Ю. and others",
address = "М.",
publisher = "Экономика,",
year = 1981,
numpages = 62,
language = "russian"
}

@BOOK{BibOp91,
title = "Составление библиографического описания:
Краткие правила",
organization = "Междувед. каталогизац. комис.
при Гос. б-ке СССР им.~В.~И. Ленина",
edition = "2-е, доп.",
address = "М.",
publisher = "Изд-во <<Кн.~палата>>",
year = 1991,
numpages = 224,
language = "russian"
}

@BOOK{Poems82,
title = "Стихи о музыке. Русские,
советские, зарубежные поэты: Сборник",
compiler = "А. Бирюкова and В. Татаринов",
address = "М.",
publisher = "Сов. композитор",
year = 1982,
numpages = 224,
language = "russian"
}

@BOOK{HistLit82,
title = "История русской литературы: В 4 т.",
organization = "АН СССР. Ин-т рус.~лит. (Пушкин.дом).",
address = "М.",
year = 1982,
Volume = "3: Расцвет реализма",
numpages = 876,
language = "russian"
}

@Book{Landau:eldin,
author = "Л. Д. Ландау and Е. М. Лифшиц",
title = "Теоретическая физика: учебное пособие в 10 т.",
publisher = "Наука. Гл. ред. физ.-мат. лит.",
address = "М.",
year = 1992,
volume = "VIII. Электродинамика сплошных сред",
edition = "3-е, испр.",
language = "russian"
}

@Book{BRLS94,
title = "Нарысы па гiсторыi беларуска-рускiх
лiтаратурных сувязей: У 4 кн.",
organization = "Акад. навук Беларусi. Iн-т лiт.",
address = "Мiнск",
publisher = "Навука i тэхнiка",
year = "1994",
volume = "2: Пачатак ХХ ст. 1900--1917 гг.",
editor = "В. А. Каваленка and I. Я. Навуменка",
numpages = 440,
language = "russian"
}

@BOOK{Grosse80,
author = "Гроссе, Э. and Вайсмангель, Х.",
title = "Химия для любознательных: Пер. с нем.",
address = "М.",
publisher = "Химия",
year = 1980,
numpages = 392,
language = "russian"
}

@BOOK{ObchTech93,
title = "Обчислювальна i прикладна математика: Зб.наук.пр.",
address = "К.",
publisher = "Либiдь",
year = 1993,
numpages = 99,
language = "ukrainian"
}

@BOOK{Bibdelo86,
title = "Библиотечное дело: Терминол.словарь",
composer = "И. М. Суслова and Л. Н. Уланова",
edition = "2-е изд.",
address = "М.",
publisher = "Книга",
year = 1986,
numpages = 224,
language = "russian"
}

@INBOOK{Ponomarenko79,
author = "Пономаренко, Л. А.",
title = "Организующая система",
booktitle = "Автоматизация технологических процессов
в прокатном производстве",
address = "М.",
publisher = "Металлургия",
year = 1979,
pages = "141-148",
language = "russian"
}

@INBOOK{Zeyts70,
author = "Зейтц, Ф.",
title = "О приведении пространственных групп",
booktitle = "Симметрия в твердом теле",
bookauthor = "Нокс, Р. and Голд, А.",
address = "М.",
publisher = "Наука",
year = 1970,
pages = "172--186",
language = "russian"
}

@INCOLLECTION{Ponoomarenko76,
author = "Пономаренко, Л. А.",
title = "Структура системы прерывания с ситуационными
приоритетами в АСУТП станов горячей прокатки",
booktitle = "Разработка автоматизированных систем управления
технологическими процессами",
address = "Тбилиси",
publisher = "Сабчота Сакартвело",
year = 1976,
pages = "3-16",
language = "russian"
}

@Article{Malikov92,
author = "Меликов, А. З. and Пономаренко, Л. А.",
title = "Оптимизация цифровой сети интегрального обслуживания
с конечным числом пользователей и блокировками",
journal = "Автоматика и телемеханика",
year = 1992,
number = 6,
pages = "34-38",
language = "russian"
}

@Article{Ponomarenko86a,
author = "Пономаренко, Л. А. and Меликов, А. З.",
title = "Ситуационное управление многоканальной системой
с переменной структурой обслуживания неоднородного потока",
journal = "Изв. АН Азерб. Респ. Сер. физ.-техн. и мат.наук",
year = 1986,
volume = 7,
number = 6,
pages = "79-83",
language = "russian"
}

@Article{ dixit.pindyck:options,
title = {The Options Approach to Capital Investment},
author = {Avinash K. Dixit and Robert S. Pindyck},
journal = {Harvard Business Review},
year = {1995},
month = {May-June},
pages = {105--115}
}

@INCOLLECTION{RosGaz,
organization = "Российская Федерация. Законы",
title = "Федеральный закон о внесении
изменений и дополнений в Семейный кодекс Российской Федерации",
booktitle = "Рос. газ",
year = 1997,
month = "19 нояб",
pages = 4,
language = "russian"
}

@INBOOK{Dolmatovskiy88,
author = "Долматовский, Ю. А.",
title = "Электромобиль",
booktitle = "БСЭ",
edition = "3-е",
address = "М.",
year = 1988,
volume = 30,
pages = 72,
language = "russian"
}

@INPROCEEDINGS{Ponomarenko88,
author = "Пономаренко, Л. А. and Жучкова, И. В.",
title = "Оптимальное назначение приоритетов
при организации доступа в локальных
вычислительных сетях АСУТП",
booktitle = {Труды Междунар. конф.
<<Локальные вычислительные сети>> (ЛОКСЕТЬ 88)},
volume = 1,
address = "Рига",
publisher = "ИЭВТ АН Латвии",
year = 1988,
pages = "149-153",
language = "russian"
}

@INPROCEEDINGS{Melikov95,
author = "Melikov, A. Z. and Ponomarenko, L. A.",
title = "On the approach to optimal control
of queuing systems with multiple classes of customers",
booktitle = "Proc. International Conf. on Syst.Sci.XII.",
address = "Wroclaw (Poland)",
year = 1995,
pages = "507-515"
}

@INPROCEEDINGS{Gojchuk98,
author="Гойчук, А. Ф.",
title="Особливостi етiологiЁ i патогенезу поперечного раку
дуба звичайного в УкраЁнi",
booktitle="Науковий вiсник Нацiонального
аграрного унiверситету",
editor="Мельничука, Д. О. and others",
address="К.",
publisher="НАУ",
year=1998,
series="Вип. 8: Лiсiвництво",
pages="168--173",
language="ukrainian"}

@INPROCEEDINGS{Polyakov98a,
author="М. О. Поляков",
title="Системний ефект агрегування лiсосiк в управлiннi
лiсовими ресурсами на регiональному рiвнi",
crossref="Gojchuk98",
annote = "Розглянуто ефект агрегування елементарних
господарських одиниць на розмiр розрахунковоЁ лiсосiки.
Запропоновано метод визначення максимально допустимого розмiру
рубання за площею на рiвнi регiону в контекстi системи
державного регулювання лiсокористування для умов ринковоЁ
економiки",
pages="213--220"}

@INPROCEEDINGS{TranskSpivrob99:Purich,
author = "Пурич, Штефан",
title = "{Р}умынско-{У}краинское трансграничное сотрудничество:
проблемы и перспективы",
language = "russian",
booktitle = "Транскордонне спiвробiтництво у полiетнiчних регiонах
{С}хiдноЁ та {П}iвденно-{С}хiдноЁ {.}вропи: {М}атерiали наукового
симпозiуму",
editor = "Макара, Ю.",
address = "Чернiвцi",
publisher = "Золотi литаври",
organization = "Буковинський полiтологiчний центр",
year = 1999,
numpages = 196,
booklanguage = "ukrainian"
}

@BOOK{GOST7184,
title = "ГОСТ 7.1.-84. Библиографическое описание документа.
Общие требования и правила составления.
--- Взамен ГОСТ 7.1.-76; Введ. 01.01.86.",
address = "М.",
publisher = "Изд-во стандартов",
year = 1984,
numpages = 78,
language = "russian"
}

@PHDTHESIS{Luus82,
author = "Луус, Р. А.",
title = "Исследование оборудования с пневмовакуумным
приводом для захвата, перемещения и фиксации
при обработке пористых и легкоповреждаемых
строительных изделий",
type = "Дис\ldots\ канд. техн. наук: 05.05.04",
address = "М.",
year = 1982,
numpages = 212,
language = "russian"
}

@PHDTHESIS{Polikarpov85,
author = "Поликарпов, В. С.",
title = "Философский анализ роли символов в научном познании",
type = "Автореф. дис\ldots\ д-ра филос. наук: 09.00.08",
school = "Моск. гос. пед. ин-т",
address = "М.",
year = 1985,
numpages = 35,
language = "russian"
}

@BOOK{Ponomarenko76,
author = "Пономаренко, Л. А. and Буадзе, В. В.",
title = "Математические модели и алгоритмы сбора
и обработки информации в АСУТП непрерывных
станов горячей прокатки",
address = "К.",
year = 1976,
numpages = 37,
language = "russian",
note = "(Препр./ АН Украины. Ин-т кибернетики; 76-76)"
}

@BOOK{Report81,
title = "Проведение испытаний и исследований
теплотехнических свойств камер КХС-2-12-ВЗ
и КХС-2-12-КЗIО: Отчет о НИР (промежуточн.)",
organization = "Всесоюзн.заочн.ин-т пищ.пром-ти.
--- ОЦО 102ТЭ; N ГР 800571; Инв. N В 119692",
address = "М.",
year = 1981,
numpages = 90,
language = "russian"
}

@BOOK{CatalogMamals81,
title = "Каталог млекопитающих СССР.
Плиоцен -- современность",
organization = "АН СССР, Зоол. ин-т",
editor = "И. М. Громова and Г. И. Барановой.",
address = "Л.",
publisher = "Наука, Ленинг. отд-ние",
year = 1981,
numpages = 456,
language = "russian"
}

@BOOK{Instr86,
title = "Типовая инструкция по эксплуатации
топливоотдачи тепловых электростанций:
ТИ 34-70-044-85: Утв.Гл. техн.упр.
по эксплуатации энергосистем 01.10.85:
Срок действия установлен с 01.01.86 до 01.01.95",
organization = "М-во энергетики и электрификации СССР",
address = "М.",
year = 1986,
numpages = 43,
language = "russian"
}